@article{nist:cloud_computing,
  title={The NIST definition of cloud computing},
  author={Mell, Peter and Grance, Tim and others},
  year={2011},
  publisher={Computer Security Division, Information Technology Laboratory, National~â€¦}
}

@article{aceto2013cloud,
  title={Cloud monitoring: A survey},
  author={Aceto, Giuseppe and Botta, Alessio and De Donato, Walter and Pescap{\`e}, Antonio},
  journal={Computer Networks},
  volume={57},
  number={9},
  pages={2093--2115},
  year={2013},
  publisher={Elsevier}
}

@inproceedings{katsaros2011building,
  title={Building a service-oriented monitoring framework with rest and nagios},
  author={Katsaros, Gregory and K{\"u}bert, Roland and Gallizo, Georgina},
  booktitle={2011 IEEE International Conference on Services Computing},
  pages={426--431},
  year={2011},
  organization={IEEE}
}

@inproceedings{samimi2011review,
  title={Review of pricing models for grid \& cloud computing},
  author={Samimi, Parnia and Patel, Ahmed},
  booktitle={2011 IEEE Symposium on Computers \& Informatics},
  pages={634--639},
  year={2011},
  organization={IEEE}
}

@mastersthesis{spina,
  author       = {Ashton D. Spina}, 
  title        = {Visualizing Computational Waste in Cloud Computing},
  school       = {University of Groningen},
  year         = 2018,
  address      = {PO Box 72, 9700 AB Groningen},
  month        = 8
}

@inproceedings{hauser2018reviewing,
  title={Reviewing Cloud Monitoring: Towards Cloud Resource Profiling},
  author={Hauser, Christopher B and Wesner, Stefan},
  booktitle={2018 IEEE 11th International Conference on Cloud Computing (CLOUD)},
  pages={678--685},
  year={2018},
  organization={IEEE}
}

@article{aktas2018hybrid,
  title={Hybrid cloud computing monitoring software architecture},
  author={Aktas, Mehmet S},
  journal={Concurrency and Computation: Practice and Experience},
  volume={30},
  number={21},
  pages={e4694},
  year={2018},
  publisher={Wiley Online Library}
}

@article{wang2018self,
  title={Self-adaptive cloud monitoring with online anomaly detection},
  author={Wang, Tao and Xu, Jiwei and Zhang, Wenbo and Gu, Zeyu and Zhong, Hua},
  journal={Future Generation Computer Systems},
  volume={80},
  pages={89--101},
  year={2018},
  publisher={Elsevier}
}

@online{prometheus_metrics,
  author = {Prometheus Authors},
  title = {Metric types},
  year = 2019,
  url = {https://prometheus.io/docs/concepts/metric_types/},
  urldate = {2019-05-22}
}

@online{prometheus_federation,
    author = {Prometheus Authors},
    title = {Federation},
    year = 2019,
    url = {https://prometheus.io/docs/prometheus/latest/federation/},
    urldate = {2019-07-02}
}

@online{docker,
  author = {Red Hat, Inc},
  title = {What is Docker?},
  year = 2019,
  url = {https://opensource.com/resources/what-docker},
  urldate = {2019-05-27}
}

@incollection{pan1991complexity,
  title={Complexity of algorithms for linear systems of equations},
  author={Pan, Victor},
  booktitle={Computer Algorithms for Solving Linear Algebraic Equations},
  pages={27--56},
  year={1991},
  publisher={Springer}
}

@online{docker_report,
  author = {Apurva Dave},
  title = {The 2017 Docker Usage Report},
  year = 2017,
  url = {https://sysdig.com/blog/sysdig-docker-usage-report-2017/},
  urldate = {2019-05-27}
}

@online{lenovo_cloud,
  author = {Lenovo},
  title = {What is Cloud Computing?},
  year = 2019,
  url = {https://www.lenovo.com/in/en/faqs/laptop-faqs/what-is-cloud-computing/},
  urldate = {2019-05-30}
}

@article{wand1996anchoring,
    title={Anchoring data quality dimensions in ontological foundations},
    author={Wand, Yair and Wang, Richard Y},
    journal={Communications of the ACM},
    volume={39},
    number={11},
    pages={86--95},
    year={1996}
}

@incollection{pernici2016monitoring,
    title={About monitoring in a service world},
    author={Pernici, Barbara and Plebani, Pierluigi and Vitali, Monica},
    booktitle={Smart Cities, Green Technologies, and Intelligent Transport Systems},
    pages={3--23},
    year={2016},
    publisher={Springer}
}

@incollection{ghezzi2007run,
    title={Run-time monitoring in service-oriented architectures},
    author={Ghezzi, Carlo and Guinea, Sam},
    booktitle={Test and analysis of web services},
    pages={237--264},
    year={2007},
    publisher={Springer}
}

@inproceedings{kumar2017inspection,
    title={Inspection of cloud computing monitoring tools},
    author={Kumar, Praveen and Singh, Priyavrat and Chopra, Sarthak and Sarna, Jagmeet Singh and Rawat, Krishna},
    booktitle={2017 International Conference on Infocom Technologies and Unmanned Systems (Trends and Future Directions)(ICTUS)},
    pages={361--365},
    year={2017},
    organization={IEEE}
}

@article{calero2014monpaas,
    title={MonPaaS: an adaptive monitoring platformas a service for cloud computing infrastructures and services},
    author={Calero, Jose M Alcaraz and Aguado, Juan Gutierrez},
    journal={IEEE Transactions on Services Computing},
    volume={8},
    number={1},
    pages={65--78},
    year={2014},
    publisher={IEEE}
}

@inproceedings{kuhlenkamp2017costradamus,
    title={Costradamus: a cost-tracing system for cloud-based software services},
    author={Kuhlenkamp, J{\"o}rn and Klems, Markus},
    booktitle={International Conference on Service-Oriented Computing},
    pages={657--672},
    year={2017},
    organization={Springer}
}

@inproceedings{leitner2016modelling,
    title={Modelling and managing deployment costs of microservice-based cloud applications},
    author={Leitner, Philipp and Cito, J{\"u}rgen and St{\"o}ckli, Emanuel},
    booktitle={Proceedings of the 9th International Conference on Utility and Cloud Computing},
    pages={165--174},
    year={2016},
    organization={ACM}
}

@article{bulla2014cloud,
    title={Cloud Billing Model: A Review},
    author={Bulla, Danamma M and Udupi, VR},
    journal={International Journal of Computer Science and Information Technologies},
    volume={5},
    number={2},
    pages={1455--1458},
    year={2014},
    publisher={Citeseer}
}

@article{mazrekaj2016pricing,
    title={Pricing schemes in cloud computing: an overview},
    author={Mazrekaj, Artan and Shabani, Isak and Sejdiu, Besmir},
    journal={International Journal of Advanced Computer Science and Applications},
    volume={7},
    number={2},
    pages={80--86},
    year={2016}
}

@online{sb,
    author = {Sustainable Buildings},
    title = {Consumption Monitoring},
    year = 2019,
    url = {https://sustainablebuildings.nl/en/solutions/},
    urldate = {2019-06-12}
}

@article{fox2009above,
    title={Above the clouds: A berkeley view of cloud computing},
    author={Fox, Armando and Griffith, Rean and Joseph, Anthony and Katz, Randy and Konwinski, Andrew and Lee, Gunho and Patterson, David and Rabkin, Ariel and Stoica, Ion},
    journal={Dept. Electrical Eng. and Comput. Sciences, University of California, Berkeley, Rep. UCB/EECS},
    volume={28},
    number={13},
    pages={2009},
    year={2009}
}

@inproceedings{clayman2010monitoring,
    title={Monitoring virtual networks with lattice},
    author={Clayman, Stuart and Galis, Alex and Mamatas, Lefteris},
    booktitle={2010 IEEE/IFIP Network Operations and Management Symposium Workshops},
    pages={239--246},
    year={2010},
    organization={IEEE}
}

@inproceedings{laprie2008dependability,
    title={From dependability to resilience},
    author={Laprie, Jean-Claude},
    booktitle={38th IEEE/IFIP Int. Conf. On dependable systems and networks},
    pages={G8--G9},
    year={2008}
}

@inproceedings{li2009method,
    title={The method and tool of cost analysis for cloud computing},
    author={Li, Xinhui and Li, Ying and Liu, Tiancheng and Qiu, Jie and Wang, Fengchun},
    booktitle={2009 IEEE International Conference on Cloud Computing},
    pages={93--100},
    year={2009},
    organization={IEEE}
}

@online{tcpdump,
    author = {Luis MartinGarcia},
    title = {TCPDUMP \& LIBCAP},
    year = 2019,
    url = {https://www.tcpdump.org/},
    urldate = {2019-07-02}
}

@online{tcpmanpage,
    author = {Luis MartinGarcia},
    title = {Manpage of TCPDUMP},
    year = 2019,
    url = {https://www.tcpdump.org/manpages/tcpdump.1.html},
    urldate = {2019-07-05}
}

@online{tcpdump-filter,
    author = {Sebastien Wains},
    title = {tcpdump advanced filters},
    year = 2019,
    url = {https://www.wains.be/pub/networking/tcpdump_advanced_filters.txt},
    urldate = {2019-07-05}
}

@online{weave,
    author={Weaveworks},
    title={Weave Feature Overview},
    year = 2019,
    url = {https://www.weave.works/docs/net/latest/overview/features/},
    urldate = {2019-07-09}
}